<?xml version="1.0" encoding="UTF-8"?><collection xmlns="http://www.loc.gov/MARC21/slim"><record><leader>00636nam--2200181-i-4500</leader><controlfield tag="001">000041665</controlfield><controlfield tag="002">20161230</controlfield><controlfield tag="005">20161230201043</controlfield><controlfield tag="008">060222s1000------------r-----000-0-fre-d</controlfield><datafield ind1=" " ind2=" " tag="040"><subfield code="a">IFIN-HH</subfield></datafield><datafield ind1=" " ind2=" " tag="041"><subfield code="a">fre</subfield></datafield><datafield ind1=" " ind2=" " tag="080"><subfield code="a">538.622(043)</subfield></datafield><datafield ind1="1" ind2=" " tag="100"><subfield code="a">Simonet,William</subfield></datafield><datafield ind1="1" ind2="0" tag="245"><subfield code="a">Stabilisation des parois de domaines magnetiques dans les materiaux a anisotropie induite. application au cas des ferrite structures en domaines, energie de parois champ de sortie,cycle d`ysteresis</subfield><subfield code="b">These</subfield><subfield code="c">William simonet</subfield></datafield><datafield ind1=" " ind2=" " tag="260"><subfield code="a">Orsay</subfield><subfield code="b">Universite De Paris-sud</subfield><subfield code="c">1974</subfield></datafield><datafield ind1=" " ind2=" " tag="300"><subfield code="a">201 P</subfield></datafield><datafield ind1=" " ind2=" " tag="852"><subfield code="a">78062</subfield><subfield code="c">537:538</subfield></datafield><datafield ind1=" " ind2=" " tag="CAT"><subfield code="a">Sys</subfield><subfield code="c">20110630</subfield><subfield code="h">083645</subfield></datafield></record></collection>